@article{
    fscomparision,
    author={A.R. Roy et al.},
    title={A fuzzy soft set theoretic approach to decision making problems},
    journal={Journal of Computational and Applied Mathematics},
    year=2007
}

@article{
    firstresults,
    author={D. Molodtsov},
    title={Soft Set Theory First Results},
    journal={Computers and Mathematics with Applications},
    year=1999
}

@article{
    fstheory,
    author={Naim Cagman et al.},
    title={Fuzzy soft et theory and its applications},
    journal={Iranian Journal of Fuzzy Systems},
    year=2011
}

@article{
    fpfstheory,
    author={Naim Cagman et al.},
    title={Fuzzy parameterized fuzzy soft set theory and its applications},
    journal={Iranian Journal of Fuzzy Systems},
    year=2010
}


@article {
    fsrelation,
    author={Arindam Chaudhuri et al.},
    title={Solution of the Decision Making Problems using Fuzzy Soft Relations},
    journal={International Journal of Information Technology},
    year=2009
    
}

@article {
    fssets,
    author={P.K. Maji, R. Biswas, A.R. Roy},
    title={Fuzzy Soft Sets},
    journal={Journal of Fuzzy Mathematics},
    year=2001
}

@article {
    softmatrix,
    author={Naim Cagman et al.},
    title={Soft matrix theory and its decision making},
    journal={Computers and Mathematics with Applications},
    year=2010,
}

@article {
    alphacut,
    author={Tridiv Jyoti Neog et al.},
    title={Some new operations of fuzzy soft sets},
    journal={Journal of Mathematics and Computer Science},
    year=2012
    
}

